<collection xmlns="http://www.loc.gov/MARC21/slim">
<record>
  <leader>06387nam0a2200997 i 450 </leader>
  <controlfield tag="001">IT\ICCU\CNCE\034453</controlfield>
  <controlfield tag="005">20100301000000.0</controlfield>
  <datafield tag="012" ind1=" " ind2=" ">
    <subfield code="a">s,eo e,m. ises AdTu (3) 1590 (R)</subfield>
    <subfield code="2">fei</subfield>
  </datafield>
  <datafield tag="100" ind1=" " ind2=" ">
    <subfield code="a">19971230d1590        0itac0103    ba</subfield>
  </datafield>
  <datafield tag="101" ind1=" " ind2=" ">
    <subfield code="a">LAT</subfield>
  </datafield>
  <datafield tag="102" ind1=" " ind2=" ">
    <subfield code="a">IT</subfield>
  </datafield>
  <datafield tag="200" ind1="1" ind2=" ">
    <subfield code="a">℗Iacobi Sannazarii ℗Opera omnia. Quorum indicem sequens pagella continet. His adiecta sunt selecta pom̈ata, ex primo tomo illustrium italorum poetarum</subfield>
  </datafield>
  <datafield tag="210" ind1=" " ind2=" ">
    <subfield code="a">Romae</subfield>
    <subfield code="c">apud Iacobum Tornerium</subfield>
    <subfield code="d">1590</subfield>
    <subfield code="e">Romae</subfield>
    <subfield code="g">\Giacomo Tornieri!</subfield>
    <subfield code="g">apud Iacobum Ruffinellum</subfield>
    <subfield code="h">1590</subfield>
  </datafield>
  <datafield tag="215" ind1=" " ind2=" ">
    <subfield code="a">352 p.</subfield>
    <subfield code="d">16ʻ</subfield>
  </datafield>
  <datafield tag="300" ind1=" " ind2=" ">
    <subfield code="a">Var. B: Iacobi Sannazarii Opera. Quorum indicem sequens pagella continet ...</subfield>
  </datafield>
  <datafield tag="620" ind1=" " ind2=" ">
    <subfield code="a">IT</subfield>
    <subfield code="d">Roma</subfield>
  </datafield>
  <datafield tag="700" ind1=" " ind2="1">
    <subfield code="a">Sannazzaro,</subfield>
    <subfield code="b">Iacopo</subfield>
    <subfield code="3">IT\ICCU\CNCA\002217</subfield>
  </datafield>
  <datafield tag="712" ind1="0" ind2="0">
    <subfield code="a">Tornieri, Giacomo</subfield>
    <subfield code="3">IT\ICCU\CNCT\000137</subfield>
    <subfield code="4">650</subfield>
  </datafield>
  <datafield tag="712" ind1="0" ind2="0">
    <subfield code="a">Ruffinelli, Giacomo</subfield>
    <subfield code="3">IT\ICCU\CNCT\000138</subfield>
    <subfield code="4">650</subfield>
  </datafield>
  <datafield tag="790" ind1=" " ind2="0">
    <subfield code="a">Actius Syncerus</subfield>
    <subfield code="3">IT\ICCU\CNCA\013494</subfield>
    <subfield code="z">Sannazzaro, Iacopo</subfield>
  </datafield>
  <datafield tag="790" ind1=" " ind2="1">
    <subfield code="a">Sannazaro,</subfield>
    <subfield code="b">Iacopo</subfield>
    <subfield code="3">IT\ICCU\CNCA\023607</subfield>
    <subfield code="z">Sannazzaro, Iacopo</subfield>
  </datafield>
  <datafield tag="791" ind1="0" ind2="0">
    <subfield code="a">Tornerius, Iacobus</subfield>
    <subfield code="3">IT\ICCU\CNCT\004126</subfield>
    <subfield code="z">Tornieri, Giacomo</subfield>
  </datafield>
  <datafield tag="791" ind1="0" ind2="0">
    <subfield code="a">Roffinello, Giacomo</subfield>
    <subfield code="3">IT\ICCU\CNCT\002579</subfield>
    <subfield code="z">Ruffinelli, Giacomo</subfield>
  </datafield>
  <datafield tag="791" ind1="0" ind2="0">
    <subfield code="a">Ruffinello, Giacomo</subfield>
    <subfield code="3">IT\ICCU\CNCT\005430</subfield>
    <subfield code="z">Ruffinelli, Giacomo</subfield>
  </datafield>
  <datafield tag="791" ind1="0" ind2="0">
    <subfield code="a">Ruffinellus, Iacobus</subfield>
    <subfield code="3">IT\ICCU\CNCT\005433</subfield>
    <subfield code="z">Ruffinelli, Giacomo</subfield>
  </datafield>
  <datafield tag="801" ind1=" " ind2="3">
    <subfield code="a">IT</subfield>
    <subfield code="b">ICCU</subfield>
    <subfield code="c">20201114</subfield>
  </datafield>
  <datafield tag="899" ind1=" " ind2=" ">
    <subfield code="a">Biblioteca centrale dei frati cappuccini delle Marche. Ancona</subfield>
    <subfield code="1">AN0007</subfield>
    <subfield code="2">ZAN 02</subfield>
  </datafield>
  <datafield tag="899" ind1=" " ind2=" ">
    <subfield code="a">Biblioteca comunale Planettiana. Jesi</subfield>
    <subfield code="1">AN0092</subfield>
    <subfield code="2">URB BC</subfield>
  </datafield>
  <datafield tag="899" ind1=" " ind2=" ">
    <subfield code="a">Biblioteca nazionale Sagarriga Visconti-Volpi. Bari</subfield>
    <subfield code="z">(Var. B)</subfield>
    <subfield code="1">BA0018</subfield>
    <subfield code="2">BA1 BA</subfield>
  </datafield>
  <datafield tag="899" ind1=" " ind2=" ">
    <subfield code="a">Biblioteca civica A. Mai. Bergamo</subfield>
    <subfield code="1">BG0026</subfield>
    <subfield code="2">LO1 02</subfield>
  </datafield>
  <datafield tag="899" ind1=" " ind2=" ">
    <subfield code="a">Biblioteca provinciale dei frati minori cappuccini. Bologna</subfield>
    <subfield code="z">(Var. A)</subfield>
    <subfield code="1">BO0342</subfield>
    <subfield code="2">PBE 94</subfield>
  </datafield>
  <datafield tag="899" ind1=" " ind2=" ">
    <subfield code="a">Biblioteca comunale. Como</subfield>
    <subfield code="1">CO0059</subfield>
    <subfield code="2">ZCO 01</subfield>
  </datafield>
  <datafield tag="899" ind1=" " ind2=" ">
    <subfield code="a">Biblioteca del Seminario vescovile. Como</subfield>
    <subfield code="z">(Var. A)</subfield>
    <subfield code="1">CO0213</subfield>
    <subfield code="2">PBE 18</subfield>
  </datafield>
  <datafield tag="899" ind1=" " ind2=" ">
    <subfield code="a">Biblioteca Bandiniana. Fiesole</subfield>
    <subfield code="1">FI0015</subfield>
    <subfield code="2">ZFI 38</subfield>
  </datafield>
  <datafield tag="899" ind1=" " ind2=" ">
    <subfield code="a">Biblioteca provinciale dei Cappuccini. Firenze</subfield>
    <subfield code="z">(Var. B)</subfield>
    <subfield code="1">FI0041</subfield>
    <subfield code="2">RT1 PC</subfield>
  </datafield>
  <datafield tag="899" ind1=" " ind2=" ">
    <subfield code="a">Biblioteca Riccardiana. Firenze</subfield>
    <subfield code="z">(Var. A)</subfield>
    <subfield code="1">FI0094</subfield>
    <subfield code="2">CFI RF</subfield>
  </datafield>
  <datafield tag="899" ind1=" " ind2=" ">
    <subfield code="a">Biblioteca nazionale centrale. Firenze</subfield>
    <subfield code="1">FI0098</subfield>
    <subfield code="2">CFI CF</subfield>
  </datafield>
  <datafield tag="899" ind1=" " ind2=" ">
    <subfield code="a">Biblioteca Medicea Laurenziana. Firenze</subfield>
    <subfield code="z">(Var. A)</subfield>
    <subfield code="1">FI0100</subfield>
    <subfield code="2">CFI ML</subfield>
  </datafield>
  <datafield tag="899" ind1=" " ind2=" ">
    <subfield code="a">Biblioteca umanistica. Sede di Lettere. Firenze</subfield>
    <subfield code="1">FI0211</subfield>
    <subfield code="2">UFI LT</subfield>
  </datafield>
  <datafield tag="899" ind1=" " ind2=" ">
    <subfield code="a">Biblioteca Mariana. Anagni</subfield>
    <subfield code="z">(Var. B)</subfield>
    <subfield code="1">FR0005</subfield>
    <subfield code="2">PBE P4</subfield>
  </datafield>
  <datafield tag="899" ind1=" " ind2=" ">
    <subfield code="a">Biblioteca civica Berio. Genova</subfield>
    <subfield code="z">(Var. A)</subfield>
    <subfield code="1">GE0036</subfield>
    <subfield code="2">SGE BE</subfield>
  </datafield>
  <datafield tag="899" ind1=" " ind2=" ">
    <subfield code="a">Biblioteca universitaria. Genova</subfield>
    <subfield code="1">GE0038</subfield>
    <subfield code="2">LIG 01</subfield>
  </datafield>
  <datafield tag="899" ind1=" " ind2=" ">
    <subfield code="a">Biblioteca statale Isontina. Gorizia</subfield>
    <subfield code="1">GO0025</subfield>
    <subfield code="2">TSA BI</subfield>
  </datafield>
  <datafield tag="899" ind1=" " ind2=" ">
    <subfield code="a">Biblioteca comunale Francesco Zuccarelli. Pitigliano</subfield>
    <subfield code="1">GR0031</subfield>
    <subfield code="2">RT1 FN</subfield>
  </datafield>
  <datafield tag="899" ind1=" " ind2=" ">
    <subfield code="a">Biblioteca Labronica Francesco Domenico Guerrazzi. Livorno</subfield>
    <subfield code="1">LI0011</subfield>
    <subfield code="2">LIA FA</subfield>
  </datafield>
  <datafield tag="899" ind1=" " ind2=" ">
    <subfield code="a">Biblioteca comunale Valentiniana. Camerino</subfield>
    <subfield code="1">MC0004</subfield>
    <subfield code="2">UMC BV</subfield>
  </datafield>
  <datafield tag="899" ind1=" " ind2=" ">
    <subfield code="a">Biblioteca comunale Francesco Antolisei. San Severino Marche</subfield>
    <subfield code="z">(Var. B)</subfield>
    <subfield code="1">MC0075</subfield>
    <subfield code="2">UMC FA</subfield>
  </datafield>
  <datafield tag="899" ind1=" " ind2=" ">
    <subfield code="a">Biblioteca centrale della Facolt ̉di lettere e filosofia dell&apos;Universit ̉degli studi di Macerata. Macerata</subfield>
    <subfield code="z">MUTILO</subfield>
    <subfield code="1">MC0170</subfield>
    <subfield code="2">UMC BL</subfield>
  </datafield>
  <datafield tag="899" ind1=" " ind2=" ">
    <subfield code="a">Biblioteca provinciale dei frati minori cappuccini Madonna di Pompei. Messina</subfield>
    <subfield code="z">MUTILO</subfield>
    <subfield code="1">ME0179</subfield>
    <subfield code="2">MES FC</subfield>
  </datafield>
  <datafield tag="899" ind1=" " ind2=" ">
    <subfield code="a">Biblioteca nazionale Braidense. Milano</subfield>
    <subfield code="1">MI0185</subfield>
    <subfield code="2">MIL NB</subfield>
  </datafield>
  <datafield tag="899" ind1=" " ind2=" ">
    <subfield code="a">Biblioteca civica Luigi Parazzi. Viadana</subfield>
    <subfield code="z">(Var. B)</subfield>
    <subfield code="1">MN0089</subfield>
    <subfield code="2">ZMN 07</subfield>
  </datafield>
  <datafield tag="899" ind1=" " ind2=" ">
    <subfield code="a">Biblioteca nazionale Vittorio Emanuele III. Napoli</subfield>
    <subfield code="1">NA0079</subfield>
    <subfield code="2">NAP BN</subfield>
  </datafield>
  <datafield tag="899" ind1=" " ind2=" ">
    <subfield code="a">Biblioteca del Centro librario e bibliotecario per la diffusione della cultura Cristo Re. Portici</subfield>
    <subfield code="1">NA0243</subfield>
    <subfield code="2">NAP 67</subfield>
  </datafield>
  <datafield tag="899" ind1=" " ind2=" ">
    <subfield code="a">Biblioteca della Pontificia Facolt ̉teologica dell&apos;Italia meridionale. Sezione S. Luigi. Napoli</subfield>
    <subfield code="1">NA0261</subfield>
    <subfield code="2">NAP FT</subfield>
  </datafield>
  <datafield tag="899" ind1=" " ind2=" ">
    <subfield code="a">Biblioteca civica. Galliate</subfield>
    <subfield code="1">NO0033</subfield>
    <subfield code="2">TO1 NG</subfield>
  </datafield>
  <datafield tag="899" ind1=" " ind2=" ">
    <subfield code="a">Biblioteca della Pro civitate christiana. Assisi</subfield>
    <subfield code="z">(Var. B)</subfield>
    <subfield code="1">PG0012</subfield>
    <subfield code="2">UM1 38</subfield>
  </datafield>
  <datafield tag="899" ind1=" " ind2=" ">
    <subfield code="a">Biblioteca comunale Giosu ̈Carducci. Citt ̉di Castello</subfield>
    <subfield code="1">PG0032</subfield>
    <subfield code="2">UM1 05</subfield>
  </datafield>
  <datafield tag="899" ind1=" " ind2=" ">
    <subfield code="a">Biblioteca Roncioniana - Fondazione Eredit ̉Marco Roncioni (ONLUS). Prato</subfield>
    <subfield code="1">PO0005</subfield>
    <subfield code="2">RT1 EB</subfield>
  </datafield>
  <datafield tag="899" ind1=" " ind2=" ">
    <subfield code="a">Biblioteca Palatina. Parma</subfield>
    <subfield code="z">(Var. B)</subfield>
    <subfield code="1">PR0072</subfield>
    <subfield code="2">PAR PA</subfield>
  </datafield>
  <datafield tag="899" ind1=" " ind2=" ">
    <subfield code="a">Biblioteca Leoniana. Pistoia</subfield>
    <subfield code="z">(Var. A)</subfield>
    <subfield code="1">PT0019</subfield>
    <subfield code="2">RT1 LC</subfield>
  </datafield>
  <datafield tag="899" ind1=" " ind2=" ">
    <subfield code="a">Biblioteca comunale Forteguerriana. Pistoia</subfield>
    <subfield code="1">PT0025</subfield>
    <subfield code="2">RT1 IE</subfield>
  </datafield>
  <datafield tag="899" ind1=" " ind2=" ">
    <subfield code="a">Biblioteca Oliveriana. Pesaro</subfield>
    <subfield code="z">(Var. A)</subfield>
    <subfield code="1">PU0061</subfield>
    <subfield code="2">URB OL</subfield>
  </datafield>
  <datafield tag="899" ind1=" " ind2=" ">
    <subfield code="a">Biblioteca del venerabile Eremo di Fonte Avellana. Serra Sant&apos; Abbondio</subfield>
    <subfield code="1">PU0086</subfield>
    <subfield code="2">URB EA</subfield>
  </datafield>
  <datafield tag="899" ind1=" " ind2=" ">
    <subfield code="a">Biblioteca nazionale centrale. Roma</subfield>
    <subfield code="1">RM0267</subfield>
    <subfield code="2">BVE CR</subfield>
  </datafield>
  <datafield tag="899" ind1=" " ind2=" ">
    <subfield code="a">Biblioteca universitaria Alessandrina. Roma</subfield>
    <subfield code="1">RM0280</subfield>
    <subfield code="2">RML 01</subfield>
  </datafield>
  <datafield tag="899" ind1=" " ind2=" ">
    <subfield code="a">Biblioteca Vallicelliana. Roma</subfield>
    <subfield code="1">RM0281</subfield>
    <subfield code="2">RML 08</subfield>
  </datafield>
  <datafield tag="899" ind1=" " ind2=" ">
    <subfield code="a">Biblioteca Angelica. Roma</subfield>
    <subfield code="1">RM0290</subfield>
    <subfield code="2">RML 06</subfield>
  </datafield>
  <datafield tag="899" ind1=" " ind2=" ">
    <subfield code="a">Biblioteca dell&apos;Opera pia del collegio Nazareno. Roma</subfield>
    <subfield code="z">(Var. A)</subfield>
    <subfield code="1">RM0654</subfield>
    <subfield code="2">RMS M4</subfield>
  </datafield>
  <datafield tag="899" ind1=" " ind2=" ">
    <subfield code="a">Biblioteca della Basilica di S. Paolo. Citt ̉del Vaticano</subfield>
    <subfield code="1">RM2022</subfield>
    <subfield code="2">PBEO1</subfield>
  </datafield>
  <datafield tag="899" ind1=" " ind2=" ">
    <subfield code="a">Biblioteca comunale. Montalcino</subfield>
    <subfield code="1">SI0023</subfield>
    <subfield code="2">RT1 QO</subfield>
  </datafield>
  <datafield tag="899" ind1=" " ind2=" ">
    <subfield code="a">Biblioteca comunale Ugo Nomi Venerosi-Pesciolini. San Gimignano</subfield>
    <subfield code="z">(Var. A)</subfield>
    <subfield code="1">SI0037</subfield>
    <subfield code="2">RT1 PN</subfield>
  </datafield>
  <datafield tag="899" ind1=" " ind2=" ">
    <subfield code="a">Biblioteca comunale degli Intronati. Siena</subfield>
    <subfield code="1">SI0046</subfield>
    <subfield code="2">RT1 QI</subfield>
  </datafield>
  <datafield tag="899" ind1=" " ind2=" ">
    <subfield code="a">Biblioteca civica Pio Rajna. Sondrio</subfield>
    <subfield code="1">SO0040</subfield>
    <subfield code="2">ZSO 01</subfield>
  </datafield>
  <datafield tag="899" ind1=" " ind2=" ">
    <subfield code="a">Biblioteca arcivescovile Giuseppe Capecelatro. Taranto</subfield>
    <subfield code="1">TA0020</subfield>
    <subfield code="2">PBE 02</subfield>
  </datafield>
  <datafield tag="899" ind1=" " ind2=" ">
    <subfield code="a">Biblioteca provinciale Melchiorre Delfico. Teramo</subfield>
    <subfield code="1">TE0024</subfield>
    <subfield code="2">ABR R1</subfield>
  </datafield>
  <datafield tag="899" ind1=" " ind2=" ">
    <subfield code="a">Biblioteca del Seminario vescovile. Mazara del Vallo</subfield>
    <subfield code="1">TP0011</subfield>
    <subfield code="2">PBE H6</subfield>
  </datafield>
  <datafield tag="899" ind1=" " ind2=" ">
    <subfield code="a">Biblioteca comunale Leonardo Centonze. Castelvetrano</subfield>
    <subfield code="1">TP0059</subfield>
    <subfield code="2">TPS CV</subfield>
  </datafield>
  <datafield tag="899" ind1=" " ind2=" ">
    <subfield code="a">Nuova biblioteca pubblica Luigi Fumi. Orvieto</subfield>
    <subfield code="z">(Var. B)</subfield>
    <subfield code="1">TR0022</subfield>
    <subfield code="2">UM1 06</subfield>
  </datafield>
  <datafield tag="899" ind1=" " ind2=" ">
    <subfield code="a">Biblioteca civica A. Hortis. Trieste</subfield>
    <subfield code="1">TS0013</subfield>
    <subfield code="2">TSA BC</subfield>
  </datafield>
  <datafield tag="899" ind1=" " ind2=" ">
    <subfield code="a">Biblioteca dell&apos;Istituto filosofico Aloisianum. Gallarate</subfield>
    <subfield code="1">VA0060</subfield>
    <subfield code="2">ZVA 12</subfield>
  </datafield>
  <datafield tag="899" ind1=" " ind2=" ">
    <subfield code="a">Collezione privata Casagrande. San Don ̉di Piave</subfield>
    <subfield code="z">(Var. A)</subfield>
    <subfield code="1">VE0259</subfield>
    <subfield code="2">ZVE 20</subfield>
  </datafield>
  <datafield tag="899" ind1=" " ind2=" ">
    <subfield code="a">Biblioteca capitolare. Verona</subfield>
    <subfield code="1">VR0056</subfield>
    <subfield code="2">VIA VC</subfield>
  </datafield>
  <datafield tag="899" ind1=" " ind2=" ">
    <subfield code="a">Biblioteca civica. Verona</subfield>
    <subfield code="z">(Var. A)</subfield>
    <subfield code="1">VR0059</subfield>
    <subfield code="2">ZVR 02</subfield>
  </datafield>
  <datafield tag="899" ind1=" " ind2=" ">
    <subfield code="a">Biblioteca del Seminario vescovile. Verona</subfield>
    <subfield code="1">VR0061</subfield>
    <subfield code="2">PBE 83</subfield>
  </datafield>
  <datafield tag="911" ind1=" " ind2=" ">
    <subfield code="a">Sul front.</subfield>
    <subfield code="9">IT\ICCU\CNCM\001567</subfield>
  </datafield>
  <datafield tag="921" ind1=" " ind2=" ">
    <subfield code="a">IT\ICCU\CNCM\001567</subfield>
    <subfield code="b">Monogramma di Cristo (iniziali IHS sormontate da una croce), in basso cuore con tre chiodi. Nella cornice del frontespizio</subfield>
    <subfield code="c">U463</subfield>
    <subfield code="d">Dimensioni della marca: 2 x 2</subfield>
    <subfield code="f">IHS</subfield>
    <subfield code="g">1590</subfield>
  </datafield>
</record>
</collection>
